@article{Echaveetal2015,
    author = {J. Echave and E. L. Jackson and C. O. Wilke},
    title = {Relationship between protein thermodynamic constraints and variation of evolutionary rates among sites},
    journal = {Phys. Biol},
    volume = {13},
    pages = {025002},
    year = {2015}
}

@article{Yehetal2014,
    author = {S. W. Yeh and J. W. Liu and S. H. Yu and C. H. Shih and J. K. Hwang and J. Echave},
    title = {Site-Specific Structural Constraints on Protein Sequence Evolutionary Divergence: Local Packing Density versus Solvent Exposure},
    journal = {Mol. Biol. Evol.},
    volume = {31},
    pages = {135--139},
    year = {2014}
}

@article{Porteretal2004,
    author = {C. T. Porter and G. J. Bartlett and J. M. Thornton},
    title = {The Catalytic Site Atlas: a resource of catalytic sites and residues identified in enzymes using structural data},
    journal = {Nucleic Acids Res.},
    volume = {32},
    pages = {D129--D133},
    year = {2004}
}

@article{Webb1992,
    author = {E. C. Webb},
    title = {Enzyme nomenclature 1992: recommendations of the Nomenclature Committee of the International Union of Biochemistry and Molecular Biology on the nomenclature and classification of enzymes},
    journal = {San Diego: Academic Press},
    volume = {},
    pages = {},
    year = {1992}
}

@article{Katohetal2002 ,
    author = {K. Katoh and K. Misawa and K.I. Kuma and T. Miyata},
    title = {MAFFT: a novel method for rapid multiple sequence alignment based on fast Fourier transform},
    journal = {Nucleic Acids Res.},
    volume = {30},
    pages = {3059--3066},
    year = {2002}
}

@article{Katohetal2005,
    author = {K. Katoh and K. I. Kuma and H. Toh and T. Miyata},
    title = {MAFFT version 5: improvement in accuracy of multiple sequence alignment},
    journal = {Nucleic Acids Res.},
    volume = {33},
    pages = {511--518},
    year = {2005}
}

@article{Kabschetal2005,
    author = {W. Kabsch and C. Sander},
    title = {Dictionary of protein secondary structure: pattern recognition of hydrogen-bonded and geometrical features},
    journal = {Biopolymers},
    volume = {22},
    pages = {2577--2637},
    year = {1983}
}

@article{Halle2002,
    author = {B. Halle},
    title = {Flexibility and packing in proteins},
    journal = {Proc Natl Acad Sci USA},
    volume = {99},
    pages = {1274--1279},
    year = {2002}
}

@article{Fransozaetal2009,
    author = {E. A. Franzosa and Y. Xia},
    title = {Structural Determinants of Protein Evolution Are Context-Sensitive at the Residue Level},
    journal = {Mol. Biol. Evol.},
    volume = {26},
    pages = {2387--2395},
    year = {2009}
}

@article{Liaoetal2005,
    author = {H. Liao and W. Yeh and D. Chiang and R. L. Jernigan and B. Lustig},
    title = {Protein sequence entropy is closely related to packing density and hydrophobicity},
    journal = {PEDS},
    volume = {18},
    pages = {59--64},
    year = {2005}
}

@article{Tienetal2013,
    author = {M. Z. Tien and A. G. Meyer and D. K. Sydykova and S. J. Spielman},
    title = {Maximum Allowed Solvent Accessibilities of Residues in Proteins},
    journal = {PLOS ONE},
    volume = {8},
    pages = {e80635},
    year = {2013}
}

@article{Shihetal2012,
    author = {C. H. Shih and C. M. Chang and W. C. Lo and J. K. Hwang},
    title = {Evolutionary information hidden in a single protein structure},
    journal = {Proteins},
    volume = {80},
    pages = {1647--1657},
    year = {2012}
}

@article{Mayroseetal2004,
    author = {I. Mayrose and D. Graur and N. Ben-Tal and T. Pupko},
    title = {Comparison of Site-Specific Rate-Inference Methods for Protein Sequences; Empirical Bayesian Methods Are Superior},
    journal = {Mol. Biol. Evol.},
    volume = {21},
    pages = {1781--1791},
    year = {2004}
}

@article{Huangetal2014,
    author = {T. T Huang and M. L. Marcos and J. K. Hwang and J. Echave},
    title = {A mechanistic stress model of protein evolution accounts for site-specific evolutionary rate sand their relationship with packing and flexibility},
    journal = {BMC Evol. Biol.},
    volume = {14},
    pages = {78},
    year = {2014}
}

@article{Goldenbergetal2008,
    author = {O. Goldenberg and E. Erez and G. Nimrod and N. Ben-Tal},
    title = {The ConSurf-DB: pre-calculated evolutionary conservation profiles of protein structures},
    journal = {Nucleic Acids Res.},
    volume = {37},
    pages = {D323--D327},
    year = {2008}
}
 
@article{Ramseyetal2011,
    author = {D. C. Ramsey and M. P. Scherrer and T. Zhou and C. O. Wilke},
    title = {The Relationship Between Relative Solvent Accessibility and Evolutionary Rate in Protein Evoltion},
    journal = {Genetics},
    volume = {188},
    pages = {479--488},
    year = {2011}
}

@article{Scherreretal2012,
    author = {M. P. Scherrer and A. G. Meyer and C. O. Wilke},
    title = {Modeling coding-sequence evolution within the context residue solvent accessibility},
    journal = {BMC Evol. Biol.},
    volume = {12},
    pages = {179},
    year = {2012}
}

@article{Wilkeetal2010,
    author = {C. O. Wilke and D. A. Drummond},
    title = {Signatures of Protein biophysics in coding sequence evolution},
    journal = {Curr. Opin. Struct.},
    volume = {20},
    pages = {385--9},
    year = {2010}
}

@article{Shahmoradietal2014,
    author = {A. Shahmoradi and D. K. Sydykova and S. J. Spielman and E. L. Jackson and E. T. Dawson and A. G. Meyer and C. O. Wilke},
    title = {Predicting Evolutionary Site Variability from Structure in Viral Proteins: Buriedness, Packing, Flexibility, and Design},
    journal = {J. Mol. Evol.},
    volume = {79},
    pages = {130--142},
    year = {2014}
}

@article{Stamatakis2014,
    author = {A. Stamatakis},
    title = {RAxML version 8: a tool for phylogenetic analysis and post-analysis of large phylogenies},
    journal = {Bioinformatics},
    volume = {30},
    pages = {1312--1313},
    year = {2014}
}

@article{Stamatakis2006,
    author = {A. Stamatakis},
    title = {RAxML-V1-HPC: maximum likelihood-based phylogenetic analyses with thousands of taxa and mixed models},
    journal = {Bioinformatics},
    volume = {22},
    pages = {2688--2690},
    year = {2006}
}

@article{Murzinetal1995,
    author = {A. G. Murzin and S. E. Brenner and T. Hubbard and C. Chothia},
    title = {SCOP: a structural classification of proteins database for the investigation of sequences and structures},
    journal = {J. Mol Biol.},
    volume = {247},
    pages = {536--540},
    year = {1995}
}